<?xml version="1.0" encoding="UTF-8"?><collection><record><leader>06573ntm a2200505 a 4500</leader><controlfield tag="001">005990685</controlfield><controlfield tag="003">MiAaHDL</controlfield><controlfield tag="005">20190719000000.0</controlfield><controlfield tag="006">m        d        </controlfield><controlfield tag="007">cr bn ---auaua</controlfield><controlfield tag="008">090409s16uu    xx            00| ||ara d</controlfield><datafield tag="035" ind1=" " ind2=" "><subfield code="a">(MiU)005990685</subfield></datafield><datafield tag="035" ind1=" " ind2=" "><subfield code="a">sdr-miu005990685</subfield></datafield><datafield tag="040" ind1=" " ind2=" "><subfield code="a">MiU</subfield><subfield code="c">MiU</subfield><subfield code="e">amremm</subfield></datafield><datafield tag="043" ind1=" " ind2=" "><subfield code="a">n-us-mi</subfield></datafield><datafield tag="100" ind1="1" ind2=" "><subfield code="6">880-01</subfield><subfield code="a">Ṭarābulusī, ʻAlī ibn Khalīl,</subfield><subfield code="d">-1440 or 1441.</subfield></datafield><datafield tag="245" ind1="1" ind2="0"><subfield code="6">880-02</subfield><subfield code="a">Muʻīn al-ḥukkām fī mā yataraddadu bayna al-khiṣmayn min al-aḥkām,</subfield><subfield code="f">[17th century].</subfield></datafield><datafield tag="246" ind1="3" ind2=" "><subfield code="i">Edge title:</subfield><subfield code="a">معين الحكام</subfield></datafield><datafield tag="246" ind1="3" ind2="8"><subfield code="a">كتاب معين الحكام في فقه الحنفية</subfield></datafield><datafield tag="260" ind1=" " ind2=" "><subfield code="c">[16--]</subfield></datafield><datafield tag="300" ind1=" " ind2=" "><subfield code="a">175 leaves :</subfield><subfield code="b">paper ;</subfield><subfield code="c">207 x 152 (151-163 x 99-105) mm bound to 207 x 155 mm.</subfield></datafield><datafield tag="500" ind1=" " ind2=" "><subfield code="a">Shelfmark: Ann Arbor, University of Michigan, Special Collections Library, Isl. Ms. 58</subfield></datafield><datafield tag="500" ind1=" " ind2=" "><subfield code="a">Origin: Lacks dated colophon. Paper would suggest early to mid 17th century. Note below close on fol.174a (p.349) appears to indicate that the text is in the hand of Muḥammad Chalabī [...?] al-Shaykh Yūsuf Afandī al-Qādirī ibn al-Ḥājjī [...?], "هذا الكتاب المستطاب بخط محمد چلبى ... الشيخ يوسف افندى القادرى بن الحاجى ...".</subfield></datafield><datafield tag="500" ind1=" " ind2=" "><subfield code="a">Former shelfmark: British Museum, London "No. 91. Muin al-hukkam."</subfield></datafield><datafield tag="500" ind1=" " ind2=" "><subfield code="a">Binding: Limp dark brown leather (unusual grain) with spine in black leather ; Type III binding (without flap) ; linings in shell marbled paper (blue, pink, yellow, red, orange, green, etc.) ; upper and lower covers bear blind-tooled fillets bordering three sides (excluding that adjacent to the spine) ; first three quires sewn in cream thread (likely repairs), remaining in red thread, two stations ; endbands in blue and cream, poor condition ; spine label carries title, subject and language "هذا كتاب معين الحكام في فقه الحنفية عربي" ; in fair condition with abrasion, detaching of upper cover, lifting of spine leather, etc.</subfield></datafield><datafield tag="500" ind1=" " ind2=" "><subfield code="a">Support: European laid paper of at least two types ; mainly with 7 laid lines per cm. vertical) and single chain lines spaced roughly 30 mm. apart (horizontal), three crescents watermark (compare Heawood 863-864), fairly thick ; other type with 13 laid lines per cm. (vertical) and single chain lines spaced roughly 26 mm. apart (horizontal), crossbow in circle (with trefoil above) watermark (compare Piccard nos.123860 and 123861), thinner ; lightly burnished ; not evenly trimmed ; worn with much staining.</subfield></datafield><datafield tag="500" ind1=" " ind2=" "><subfield code="a">Decoration: Keywords, section headings, abbreviations, and notabilia (side-heads) rubricated ; overlining in red ; textual dividers in the form of red inverted commas, three inverted commas, etc.</subfield></datafield><datafield tag="500" ind1=" " ind2=" "><subfield code="a">Script: Naskh with influence of nastaʻlīq ; Persian or Transoxanian hand (?) ; sans serif ; effect of words descending to baseling ; chiefly closed counters ; quite rounded and somewhat freely ligatured ; two dots in the form of inverted caret, three dots assimilated to a single flourish ; occasional ligature for kāf followed by alif, with alif curving up to meet the bar of the kāf (shaqq) forming a closed loop.</subfield></datafield><datafield tag="500" ind1=" " ind2=" "><subfield code="a">Layout: Written in 21 lines per page ; frame-ruled.</subfield></datafield><datafield tag="500" ind1=" " ind2=" "><subfield code="a">Collation: i, I (2), 16 V(162), V+1 (173), I (175) ; chiefly quinions ; fol.122b (p.246) left blank, unmarked ; final leaf carries table of contents ; catchwords present ; foliation in black ink, Hindu-Arabic numerals (begins with ۱ on page facing incipit page, mistakenly omits ٤٤, ٦٦, etc.) ; pagination in pencil, Western numerals (supplied during digitization, includes front flyleaf).</subfield></datafield><datafield tag="500" ind1=" " ind2=" "><subfield code="a">Explicit: "فان حالي ما شرحته في شرح كتاب الوقاية وهو مشهور والحمد لله العلي الغفور وصلى الله على سيدنا محمد واله وصحبه اجمعين وسلم تسليما دائما كثيرا الى يوم القرار"</subfield></datafield><datafield tag="500" ind1=" " ind2=" "><subfield code="a">Incipit: "تبارك الذي ابدع الموجودات بقدرته وصنع انواع المخلوقات بعظمته ... اما بعد فان الله تع اكمل لنبيه محمد صلى الله عليه وسلم دينه القويم ... لان الغرض بهذا التأليف ذكر قواعد هذا العلم وبيان ما تفصل به الاقضية من الحجج واحكام السياسة الشرعية وعدم الاستغناء باحدهما عن الاخر وسميته معين الحكام فيما يتردد بين الخصمين من الاحكام ..."</subfield></datafield><datafield tag="500" ind1=" " ind2=" "><subfield code="a">Title from 'title page' (fol.3a/p.7).</subfield></datafield><datafield tag="500" ind1=" " ind2=" "><subfield code="a">Ms. codex.</subfield></datafield><datafield tag="520" ind1="8" ind2=" "><subfield code="a">Clear copy of the work on jurisprudence ; preceded by table of contents.</subfield></datafield><datafield tag="538" ind1=" " ind2=" "><subfield code="a">Mode of access: Internet.</subfield></datafield><datafield tag="541" ind1=" " ind2=" "><subfield code="c">Purchase ;</subfield><subfield code="a">Acquired by purchase along with Abdul Hamid Collection (funds donated by Horace Rackham).</subfield><subfield code="d">1924.</subfield></datafield><datafield tag="546" ind1=" " ind2=" "><subfield code="a">Arabic.</subfield></datafield><datafield tag="561" ind1=" " ind2=" "><subfield code="a">Bookplate of British Museum, London on upper cover, "British Museum, London. No. 91. Muin al-hukkam." ; circular seal impression with figure of goat/gazelle in purple ink as well as inscription "194" in Western numerals on verso of front flyleaf (p.2) ; on blue-tinted paper pasted on 'title page' (fol.3a/p.7), a detailed waqf statement in the name of al-Sayyid ʻAbd Allāh Adīb (Abdullah Edip), known as Jannatʹzādah (Cennet-zade), qāḍī of Erzurum, accompanied by his seal, reads: "وقفت وقفا صحيحا شرعيا بشرط ان لا يخرج من بيت الكتب الملتصق بداري الا لعلماء سكنوا بارضروم بكفيل مرعى اورهن قوي وانا الفقير السيد عبد الله اديب الشهير بجنت زاده القاضي بمدينة ارضروم في سنة اثنى وستين ومائتين والف" ; ownership statement on verso of front flyleaf reads "من ممتلكات [؟] الحقير عبد الفتاح بيك ..." ; oval seal impression (fairly illegible) on fol.175b (p.352) ; marginal corrections, glosses and notabilia (side-heads).</subfield></datafield><datafield tag="650" ind1=" " ind2="0"><subfield code="a">Manuscripts, Arabic</subfield><subfield code="z">Michigan</subfield><subfield code="z">Ann Arbor.</subfield></datafield><datafield tag="650" ind1=" " ind2="0"><subfield code="a">Hanafites</subfield><subfield code="v">Early works to 1800.</subfield></datafield><datafield tag="650" ind1=" " ind2="0"><subfield code="a">Justice, Administration of (Islamic law)</subfield><subfield code="v">Early works to 1800.</subfield></datafield><datafield tag="773" ind1="0" ind2=" "><subfield code="a">Tiflis Collection.</subfield></datafield><datafield tag="880" ind1="1" ind2="0"><subfield code="6">245-02/</subfield><subfield code="a">معين الحكام في ما يتردد بين الخصمين من الاحكام,</subfield><subfield code="f">[القرن 17م].</subfield></datafield><datafield tag="880" ind1="1" ind2=" "><subfield code="6">100-01/</subfield><subfield code="a">طرابلسي، علي بن خليل.</subfield></datafield><datafield tag="CID" ind1=" " ind2=" "><subfield code="a">005990685</subfield></datafield><datafield tag="DAT" ind1="0" ind2=" "><subfield code="a">20190719102634.0</subfield><subfield code="b">20190719000000.0</subfield></datafield><datafield tag="DAT" ind1="1" ind2=" "><subfield code="a">20190719090653.0</subfield><subfield code="b">2019-07-19T16:11:11Z</subfield></datafield><datafield tag="DAT" ind1="2" ind2=" "><subfield code="a">2015-10-10T18:00:06Z</subfield></datafield><datafield tag="CAT" ind1=" " ind2=" "><subfield code="a">SDR-MIU</subfield><subfield code="d">EX LIBRIS - ALEPH</subfield><subfield code="l">prepare.pl-004-008</subfield></datafield><datafield tag="FMT" ind1=" " ind2=" "><subfield code="a">BK</subfield></datafield><datafield tag="HOL" ind1=" " ind2=" "><subfield code="0">sdr-miu005990685</subfield><subfield code="a">MiU</subfield><subfield code="b">SDR</subfield><subfield code="c">MIU</subfield><subfield code="p">mdp.39015079105733</subfield><subfield code="s">MIU</subfield><subfield code="1">005990685</subfield></datafield><datafield tag="974" ind1=" " ind2=" "><subfield code="b">MIU</subfield><subfield code="c">MIU</subfield><subfield code="d">20190719</subfield><subfield code="s">lit-dlps-dc</subfield><subfield code="u">mdp.39015079105733</subfield><subfield code="y">1699</subfield><subfield code="r">pd</subfield><subfield code="q">bib</subfield><subfield code="t">non-US bib date1 &lt; 1896</subfield></datafield></record></collection>